<record><leader>00000cas a2200000 a 4500</leader><controlfield tag="001">14258502</controlfield><controlfield tag="008">860924d19211924ksuwr ne      0    0eng d</controlfield><datafield ind1=" " ind2=" " tag="010"><subfield code="a">sn 86064027 </subfield></datafield><datafield ind1=" " ind2=" " tag="040"><subfield code="a">KSH</subfield><subfield code="b">eng</subfield><subfield code="c">KSH</subfield><subfield code="d">NPT</subfield><subfield code="d">OCL</subfield><subfield code="d">OCLCQ</subfield></datafield><datafield ind1=" " ind2=" " tag="042"><subfield code="a">msc</subfield></datafield><datafield ind1="0" ind2=" " tag="130"><subfield code="a">Colony free press (Colony, Kan. : 1921)</subfield></datafield><datafield ind1="1" ind2="0" tag="245"><subfield code="a">Colony free press.</subfield></datafield><datafield ind1="1" ind2="7" tag="246"><subfield code="a">Free press</subfield></datafield><datafield ind1=" " ind2=" " tag="260"><subfield code="a">Colony, Kan. :</subfield><subfield code="b">M.L. Post &amp; Lester B. Miller,</subfield><subfield code="c">1921-1924.</subfield></datafield><datafield ind1=" " ind2=" " tag="300"><subfield code="a">4 v. :</subfield><subfield code="b">ill. ;</subfield><subfield code="c">50 cm.</subfield></datafield><datafield ind1=" " ind2=" " tag="310"><subfield code="a">Weekly</subfield></datafield><datafield ind1="0" ind2=" " tag="362"><subfield code="a">Vol. 40, no. 48 (Dec. 16, 1921)-v. 43, no. 40 (Oct. 2, 1924).</subfield></datafield><datafield ind1=" " ind2=" " tag="500"><subfield code="a">Publisher varies.</subfield></datafield><datafield ind1=" " ind2=" " tag="752"><subfield code="a">United States</subfield><subfield code="b">Kansas</subfield><subfield code="c">Anderson</subfield><subfield code="d">Colony.</subfield></datafield><datafield ind1="0" ind2="0" tag="780"><subfield code="t">Colony free press the Colony sun</subfield><subfield code="w">(DLC)sn 86064029</subfield></datafield><datafield ind1="0" ind2="0" tag="785"><subfield code="t">Free press (Colony, Kan. : 1924)</subfield><subfield code="w">(DLC)sn 86064028</subfield></datafield></record>